<?xml version="1.0" encoding="UTF-8"?><collection xmlns="http://www.loc.gov/MARC21/slim"><record><leader>00416nam--2200169-i-4500</leader><controlfield tag="001">000048418</controlfield><controlfield tag="002">20161230</controlfield><controlfield tag="005">20170116233024</controlfield><controlfield tag="008">060222s1000------------r-----000-0-eng-d</controlfield><datafield ind1=" " ind2=" " tag="080"><subfield code="a">621.7</subfield></datafield><datafield ind1=" " ind2=" " tag="100"><subfield code="a">Abugov, M. O</subfield></datafield><datafield ind1=" " ind2=" " tag="245"><subfield code="a">Novaia konstruktia reztov dlia skorostnogo rezania</subfield></datafield><datafield ind1=" " ind2=" " tag="260"><subfield code="a">Moskva</subfield><subfield code="b">Mashgiz</subfield><subfield code="c">1952</subfield></datafield><datafield ind1=" " ind2=" " tag="300"><subfield code="a">18 p</subfield></datafield><datafield ind1=" " ind2=" " tag="700"><subfield code="a">Ryzhkov, D. I</subfield></datafield><datafield ind1=" " ind2=" " tag="852"><subfield code="a">26559</subfield></datafield><datafield ind1=" " ind2=" " tag="CAT"><subfield code="a">SYS</subfield><subfield code="c">20170116</subfield><subfield code="h">233024</subfield></datafield></record></collection>